
@article{Gosmann2017,
  title = {Lactobacillus-Deficient Cervicovaginal Bacterial Communities Are Associated with Increased HIV Acquisition in Young South African Women},
  volume = {46},
  ISSN = {1074-7613},
  url = {http://dx.doi.org/10.1016/j.immuni.2016.12.013},
  DOI = {10.1016/j.immuni.2016.12.013},
  number = {1},
  journal = {Immunity},
  publisher = {Elsevier BV},
  author = {Gosmann,  Christina and Anahtar,  Melis N. and Handley,  Scott A. and Farcasanu,  Mara and Abu-Ali,  Galeb and Bowman,  Brittany A. and Padavattan,  Nikita and Desai,  Chandni and Droit,  Lindsay and Moodley,  Amber and Dong,  Mary and Chen,  Yuezhou and Ismail,  Nasreen and Ndung’u,  Thumbi and Ghebremichael,  Musie S. and Wesemann,  Duane R. and Mitchell,  Caroline and Dong,  Krista L. and Huttenhower,  Curtis and Walker,  Bruce D. and Virgin,  Herbert W. and Kwon,  Douglas S.},
  year = {2017},
  month = jan,
  pages = {29–37}
}

@article{Scott1954,
  title = {Comparison of the Synthetic and Actual Distribution of Galaxies on a Photographic Plate.},
  volume = {119},
  ISSN = {1538-4357},
  url = {http://dx.doi.org/10.1086/145799},
  DOI = {10.1086/145799},
  journal = {The Astrophysical Journal},
  publisher = {American Astronomical Society},
  author = {Scott,  E. L. and Shane,  C. D. and Swanson,  M. D.},
  year = {1954},
  month = jan,
  pages = {91}
}

@article{LCao2011,
  title = {Sparse PLS discriminant analysis: biologically relevant feature selection and graphical displays for multiclass problems},
  volume = {12},
  ISSN = {1471-2105},
  url = {http://dx.doi.org/10.1186/1471-2105-12-253},
  DOI = {10.1186/1471-2105-12-253},
  number = {1},
  journal = {BMC Bioinformatics},
  publisher = {Springer Science and Business Media LLC},
  author = {L\^e Cao,  Kim-Anh and Boitard,  Simon and Besse,  Philippe},
  year = {2011},
  month = jun 
}

@article{Dekermanjian2022,
  title = {Mechanism-aware imputation: a two-step approach in handling missing values in metabolomics},
  volume = {23},
  ISSN = {1471-2105},
  url = {http://dx.doi.org/10.1186/s12859-022-04659-1},
  DOI = {10.1186/s12859-022-04659-1},
  number = {1},
  journal = {BMC Bioinformatics},
  publisher = {Springer Science and Business Media LLC},
  author = {Dekermanjian,  Jonathan P. and Shaddox,  Elin and Nandy,  Debmalya and Ghosh,  Debashis and Kechris,  Katerina},
  year = {2022},
  month = may 
}