
@article{Arikawa2018TheoreticalFF,
  title={Theoretical framework for analyzing structural compliance properties of proteins},
  author={Keisuke Arikawa},
  journal={Biophysics and Physicobiology},
  year={2018},
  volume={15},
  pages={58 - 74},
  url={https://api.semanticscholar.org/CorpusID:4472297}
}

@BOOK{Hernan2024-ea,
  title     = "Causal inference",
  author    = "Hernan, Miguel A and Robins, James M",
  publisher = "CRC Press",
  month     =  jan,
  year      =  2024,
  address   = "Boca Raton, FL",
  language  = "en"
}

@unpublished{072523_overton,
  title= {Using Synthetic Null Data to Enhance Statistical Rigor in Genomics},
  author = {Jingyi Jessica Li},
  year = {2023}
  note= {ICSB},
  URL= {http://jsb.ucla.edu/sites/default/files/072523_Overton.pdf}
}

@article{Callahan2016BioconductorWF,
  title={Bioconductor Workflow for Microbiome Data Analysis: from raw reads to community analyses},
  author={Benjamin J. Callahan and Kris Sankaran and Julia Fukuyama and Paul J. McMurdie and Susan P. Holmes},
  journal={F1000Research},
  year={2016},
  volume={5},
  url={https://api.semanticscholar.org/CorpusID:6468345}
}

@article{Lhnemann2020ElevenGC,
  title={Eleven grand challenges in single-cell data science},
  author={David Lahnemann and Johannes Koster and Ewa Szczurek and Davis J. McCarthy and Stephanie C. Hicks and Mark D. Robinson and Catalina A. Vallejos and Kieran R. Campbell and Niko Beerenwinkel and Ahmed Mahfouz and Luca Pinello and Pavel Skums and Alexandros Stamatakis and Camille Stephan-Otto Attolini and Samuel Aparicio and Jasmijn A. Baaijens and Marleen Balvert and Buys de Barbanson and Antonio Cappuccio and Giacomo Corleone and Bas E. Dutilh and Maria Florescu and Victor Guryev and Rens Holmer and Katharina Jahn and Thamar Jessurun Lobo and Emma M. Keizer and Indu Khatri and Szymon M. Kiełbasa and Jan O. Korbel and Alexey M. Kozlov and Tzu-Hao Kuo and Boudewijn P. F. Lelieveldt and Ion I. Măndoiu and John C. Marioni and Tobias Marschall and Felix Molder and Amir Niknejad and Lukasz Raczkowski and Marcel J. T. Reinders and Jeroen de Ridder and Antoine-Emmanuel Saliba and Antonios Somarakis and Oliver Stegle and Fabian J Theis and Huan Yang and Alex Zelikovsky and Alice Mchardy and Benjamin J. Raphael and Sohrab P. Shah and Alexander Sch{\"o}nhuth},
  journal={Genome Biology},
  year={2020},
  volume={21},
  url={https://api.semanticscholar.org/CorpusID:211054289}
}

@article{Goodman2001OfPA,
  title={Of P-values and Bayes: a modest proposal.},
  author={Steven N. Goodman},
  journal={Epidemiology},
  year={2001},
  volume={12 3},
  pages={
          295-7
        },
  url={https://api.semanticscholar.org/CorpusID:41986475}
}

@article{Golub1994PerturbationAO,
  title={Perturbation analysis of the canonical correlations of matrix pairs},
  author={Gene H. Golub and Hongyuan Zha},
  journal={Linear Algebra and its Applications},
  year={1994},
  volume={210},
  pages={3-28},
  url={https://api.semanticscholar.org/CorpusID:123160725}
}

@article{Pasolli2017AccessibleCM,
  title={Accessible, curated metagenomic data through ExperimentHub},
  author={Edoardo Pasolli and Lucas Schiffer and Paolo Manghi and Audrey Renson and Valerie Obenchain and Duy Tin Truong and Francesco Beghini and Fa Malik and Marcel Ramos and Jennifer Beam Dowd and Curtis Huttenhower and Martin T. Morgan and N. Segata and Levi Waldron},
  journal={Nature Methods},
  year={2017},
  volume={14},
  pages={1023-1024},
  url={https://api.semanticscholar.org/CorpusID:3403081}
}

@article{Zappia2017SplatterSO,
  title={Splatter: simulation of single-cell RNA sequencing data},
  author={Luke Zappia and Belinda Phipson and Alicia Oshlack},
  journal={Genome Biology},
  year={2017},
  volume={18},
  url={https://api.semanticscholar.org/CorpusID:9332625}
}

@article{Song2023scDesign3GR,
  title={scDesign3 generates realistic in silico data for multimodal single-cell and spatial omics},
  author={Dongyuan Song and Qingyang Wang and Guanao Yan and Tianyang Liu and Tianyi Sun and Jingyi Jessica Li},
  journal={Nature Biotechnology},
  year={2023},
  pages={1-6},
  url={https://api.semanticscholar.org/CorpusID:258638565}
}

@article{Rigby2005GeneralizedAM,
  title={Generalized additive models for location, scale and shape},
  author={Robert A. Rigby and D. M. Stasinopoulos},
  journal={Journal of the Royal Statistical Society: Series C (Applied Statistics)},
  year={2005},
  volume={54},
  url={https://api.semanticscholar.org/CorpusID:56076930}
}

@article{Hofner2014gamboostLSSAR,
  title={gamboostLSS: An R Package for Model Building and Variable Selection in the GAMLSS Framework},
  author={Benjamin Hofner and Andreas Mayr and Matthias Schmid},
  journal={arXiv: Computation},
  year={2014},
  url={https://api.semanticscholar.org/CorpusID:62302678}
}

@article{Cao2020ManifoldAF,
  title={Manifold alignment for heterogeneous single-cell multi-omics data integration using Pamona},
  author={Kai Cao and Yiguang Hong and Lin Wan},
  journal={Bioinformatics},
  year={2020},
  volume={38},
  pages={211 - 219},
  url={https://api.semanticscholar.org/CorpusID:226959190}
}

@article{Gavin2018,
  title = {Intestinal Metaproteomics Reveals Host-Microbiota Interactions in Subjects at Risk for Type 1 Diabetes},
  volume = {41},
  ISSN = {1935-5548},
  url = {http://dx.doi.org/10.2337/dc18-0777},
  DOI = {10.2337/dc18-0777},
  number = {10},
  journal = {Diabetes Care},
  publisher = {American Diabetes Association},
  author = {Gavin,  Patrick G. and Mullaney,  Jane A. and Loo,  Dorothy and Cao,  Kim-Anh L\^e and Gottlieb,  Peter A. and Hill,  Michelle M. and Zipris,  Danny and Hamilton-Williams,  Emma E.},
  year = {2018},
  month = aug,
  pages = {2178–2186}
}

@article{Scott1954,
  title = {Comparison of the Synthetic and Actual Distribution of Galaxies on a Photographic Plate.},
  volume = {119},
  ISSN = {1538-4357},
  url = {http://dx.doi.org/10.1086/145799},
  DOI = {10.1086/145799},
  journal = {The Astrophysical Journal},
  publisher = {American Astronomical Society},
  author = {Scott,  E. L. and Shane,  C. D. and Swanson,  M. D.},
  year = {1954},
  month = jan,
  pages = {91}
}

@article{LCao2011,
  title = {Sparse PLS discriminant analysis: biologically relevant feature selection and graphical displays for multiclass problems},
  volume = {12},
  ISSN = {1471-2105},
  url = {http://dx.doi.org/10.1186/1471-2105-12-253},
  DOI = {10.1186/1471-2105-12-253},
  number = {1},
  journal = {BMC Bioinformatics},
  publisher = {Springer Science and Business Media LLC},
  author = {L\^e Cao,  Kim-Anh and Boitard,  Simon and Besse,  Philippe},
  year = {2011},
  month = jun 
}

@article{Heer2019,
  title = {Agency plus automation: Designing artificial intelligence into interactive systems},
  volume = {116},
  ISSN = {1091-6490},
  url = {http://dx.doi.org/10.1073/pnas.1807184115},
  DOI = {10.1073/pnas.1807184115},
  number = {6},
  journal = {Proceedings of the National Academy of Sciences},
  publisher = {Proceedings of the National Academy of Sciences},
  author = {Heer,  Jeffrey},
  year = {2019},
  month = feb,
  pages = {1844–1850}
}

@article{Sajjadi2018AssessingGM,
  title={Assessing Generative Models via Precision and Recall},
  author={Mehdi S. M. Sajjadi and Olivier Bachem and Mario Lucic and Olivier Bousquet and Sylvain Gelly},
  journal={ArXiv},
  year={2018},
  volume={abs/1806.00035},
  url={https://api.semanticscholar.org/CorpusID:44104089}
}
