
@article{Arikawa2018TheoreticalFF,
  title={Theoretical framework for analyzing structural compliance properties of proteins},
  author={Keisuke Arikawa},
  journal={Biophysics and Physicobiology},
  year={2018},
  volume={15},
  pages={58 - 74},
  url={https://api.semanticscholar.org/CorpusID:4472297}
}

@BOOK{Hernan2024-ea,
  title     = "Causal inference",
  author    = "Hernan, Miguel A and Robins, James M",
  publisher = "CRC Press",
  month     =  jan,
  year      =  2024,
  address   = "Boca Raton, FL",
  language  = "en"
}

@unpublished{072523_overton,
  title= {Using Synthetic Null Data to Enhance Statistical Rigor in Genomics},
  author = {Jingyi Jessica Li},
  year = {2023}
  note= {ICSB},
  URL= {http://jsb.ucla.edu/sites/default/files/072523_Overton.pdf}
}

@article{Callahan2016BioconductorWF,
  title={Bioconductor Workflow for Microbiome Data Analysis: from raw reads to community analyses},
  author={Benjamin J. Callahan and Kris Sankaran and Julia Fukuyama and Paul J. McMurdie and Susan P. Holmes},
  journal={F1000Research},
  year={2016},
  volume={5},
  url={https://api.semanticscholar.org/CorpusID:6468345}
}

@article{Lhnemann2020ElevenGC,
  title={Eleven grand challenges in single-cell data science},
  author={David Lahnemann and Johannes Koster and Ewa Szczurek and Davis J. McCarthy and Stephanie C. Hicks and Mark D. Robinson and Catalina A. Vallejos and Kieran R. Campbell and Niko Beerenwinkel and Ahmed Mahfouz and Luca Pinello and Pavel Skums and Alexandros Stamatakis and Camille Stephan-Otto Attolini and Samuel Aparicio and Jasmijn A. Baaijens and Marleen Balvert and Buys de Barbanson and Antonio Cappuccio and Giacomo Corleone and Bas E. Dutilh and Maria Florescu and Victor Guryev and Rens Holmer and Katharina Jahn and Thamar Jessurun Lobo and Emma M. Keizer and Indu Khatri and Szymon M. Kiełbasa and Jan O. Korbel and Alexey M. Kozlov and Tzu-Hao Kuo and Boudewijn P. F. Lelieveldt and Ion I. Măndoiu and John C. Marioni and Tobias Marschall and Felix Molder and Amir Niknejad and Lukasz Raczkowski and Marcel J. T. Reinders and Jeroen de Ridder and Antoine-Emmanuel Saliba and Antonios Somarakis and Oliver Stegle and Fabian J Theis and Huan Yang and Alex Zelikovsky and Alice Mchardy and Benjamin J. Raphael and Sohrab P. Shah and Alexander Sch{\"o}nhuth},
  journal={Genome Biology},
  year={2020},
  volume={21},
  url={https://api.semanticscholar.org/CorpusID:211054289}
}

@article{Goodman2001OfPA,
  title={Of P-values and Bayes: a modest proposal.},
  author={Steven N. Goodman},
  journal={Epidemiology},
  year={2001},
  volume={12 3},
  pages={
          295-7
        },
  url={https://api.semanticscholar.org/CorpusID:41986475}
}

@article{Golub1994PerturbationAO,
  title={Perturbation analysis of the canonical correlations of matrix pairs},
  author={Gene H. Golub and Hongyuan Zha},
  journal={Linear Algebra and its Applications},
  year={1994},
  volume={210},
  pages={3-28},
  url={https://api.semanticscholar.org/CorpusID:123160725}
}

@article{Pasolli2017AccessibleCM,
  title={Accessible, curated metagenomic data through ExperimentHub},
  author={Edoardo Pasolli and Lucas Schiffer and Paolo Manghi and Audrey Renson and Valerie Obenchain and Duy Tin Truong and Francesco Beghini and Fa Malik and Marcel Ramos and Jennifer Beam Dowd and Curtis Huttenhower and Martin T. Morgan and N. Segata and Levi Waldron},
  journal={Nature Methods},
  year={2017},
  volume={14},
  pages={1023-1024},
  url={https://api.semanticscholar.org/CorpusID:3403081}
}

@article{Zappia2017SplatterSO,
  title={Splatter: simulation of single-cell RNA sequencing data},
  author={Luke Zappia and Belinda Phipson and Alicia Oshlack},
  journal={Genome Biology},
  year={2017},
  volume={18},
  url={https://api.semanticscholar.org/CorpusID:9332625}
}

@article{Song2023scDesign3GR,
  title={scDesign3 generates realistic in silico data for multimodal single-cell and spatial omics},
  author={Dongyuan Song and Qingyang Wang and Guanao Yan and Tianyang Liu and Tianyi Sun and Jingyi Jessica Li},
  journal={Nature Biotechnology},
  year={2023},
  pages={1-6},
  url={https://api.semanticscholar.org/CorpusID:258638565}
}

@article{Rigby2005GeneralizedAM,
  title={Generalized additive models for location, scale and shape},
  author={Robert A. Rigby and D. M. Stasinopoulos},
  journal={Journal of the Royal Statistical Society: Series C (Applied Statistics)},
  year={2005},
  volume={54},
  url={https://api.semanticscholar.org/CorpusID:56076930}
}

@article{Hofner2014gamboostLSSAR,
  title={gamboostLSS: An R Package for Model Building and Variable Selection in the GAMLSS Framework},
  author={Benjamin Hofner and Andreas Mayr and Matthias Schmid},
  journal={arXiv: Computation},
  year={2014},
  url={https://api.semanticscholar.org/CorpusID:62302678}
}

@article{Cao2020ManifoldAF,
  title={Manifold alignment for heterogeneous single-cell multi-omics data integration using Pamona},
  author={Kai Cao and Yiguang Hong and Lin Wan},
  journal={Bioinformatics},
  year={2020},
  volume={38},
  pages={211 - 219},
  url={https://api.semanticscholar.org/CorpusID:226959190}
}

@article{Gosmann2017LactobacillusDeficientCB,
  title={Lactobacillus‐Deficient Cervicovaginal Bacterial Communities Are Associated with Increased HIV Acquisition in Young South African Women},
  author={Christina Gosmann and Melis N. Anahtar and Scott A. Handley and Mara Farcasanu and Galeb S. Abu-Ali and Brittany A. Bowman and Nikita Padavattan and Chandni Desai and Lindsay Droit and Amber Moodley and Mary Dong and Yuezhou Chen and Nasreen Ismail and Thumbi Ndung’u and Musie S. Ghebremichael and Duane R. Wesemann and Caroline M. Mitchell and Krista L. Dong and Curtis Huttenhower and Bruce D. Walker and Herbert W. Virgin and Douglas S. Kwon},
  journal={Immunity},
  year={2017},
  volume={46},
  pages={29–37}
}

@article{Liu2019LatentSC,
  title={Latent Space Cartography: Visual Analysis of Vector Space Embeddings},
  author={Yang Liu and Eunice Jun and Qisheng Li and Jeffrey Heer},
  journal={Computer Graphics Forum},
  year={2019},
  volume={38},
}

@inproceedings{Adebayo2018SanityCF,
  title={Sanity Checks for Saliency Maps},
  author={Julius Adebayo and Justin Gilmer and Michael Muelly and Ian J. Goodfellow and Moritz Hardt and Been Kim},
  booktitle={Neural Information Processing Systems},
  year={2018},
}

@article{Bilodeau2022ImpossibilityTF,
  title={Impossibility Theorems for Feature Attribution},
  author={Blair Bilodeau and Natasha Jaques and Pang Wei Koh and Been Kim},
  journal={Proceedings of the National Academy of Sciences of the United States of America},
  year={2022},
  volume={121 2},
  pages={
          e2304406120
        },
}

@article{Koh2020ConceptBM,
  title={Concept Bottleneck Models},
  author={Pang Wei Koh and Thao Nguyen and Yew Siang Tang and Stephen Mussmann and Emma Pierson and Been Kim and Percy Liang},
  journal={ArXiv},
  year={2020},
  volume={abs/2007.04612}
}

@inproceedings{Wu2021PolyjuiceGC,
  title={Polyjuice: Generating Counterfactuals for Explaining, Evaluating, and Improving Models},
  author={Tongshuang Sherry Wu and Marco Tulio Ribeiro and Jeffrey Heer and Daniel S. Weld},
  booktitle={Annual Meeting of the Association for Computational Linguistics},
  year={2021}
}

@article{Coenen2019VisualizingAM,
  title={Visualizing and Measuring the Geometry of BERT},
  author={Andy Coenen and Emily Reif and Ann Yuan and Been Kim and Adam Pearce and Fernanda B. Vi{\'e}gas and Martin Wattenberg},
  journal={ArXiv},
  year={2019},
  volume={abs/1906.02715}
}

@article{Bansal2020DoesTW,
  title={Does the Whole Exceed its Parts? The Effect of AI Explanations on Complementary Team Performance},
  author={Gagan Bansal and Tongshuang Sherry Wu and Joyce Zhou and Raymond Fok and Besmira Nushi and Ece Kamar and Marco Tulio Ribeiro and Daniel S. Weld},
  journal={Proceedings of the 2021 CHI Conference on Human Factors in Computing Systems},
  year={2020}
}

@article{Lipton2016TheMO,
  title={The mythos of model interpretability},
  author={Zachary Chase Lipton},
  journal={Communications of the ACM},
  year={2016},
  volume={61},
  pages={36 - 43},
}

@article{Rudin2018StopEB,
  title={Stop explaining black box machine learning models for high stakes decisions and use interpretable models instead},
  author={Cynthia Rudin},
  journal={Nature Machine Intelligence},
  year={2018},
  volume={1},
  pages={206 - 215},
}

@article{Murdoch2019DefinitionsMA,
  title={Definitions, methods, and applications in interpretable machine learning},
  author={W. James Murdoch and Chandan Singh and Karl Kumbier and Reza Abbasi-Asl and Bin Yu},
  journal={Proceedings of the National Academy of Sciences},
  year={2019},
  volume={116},
  pages={22071 - 22080},
}

@article{Caruana2015IntelligibleMF,
  title={Intelligible Models for HealthCare: Predicting Pneumonia Risk and Hospital 30-day Readmission},
  author={Rich Caruana and Yin Lou and Johannes Gehrke and Paul Koch and M. Sturm and No{\'e}mie Elhadad},
  journal={Proceedings of the 21th ACM SIGKDD International Conference on Knowledge Discovery and Data Mining},
  year={2015},
}

@article{Gu2017BadNetsIV,
  title={BadNets: Identifying Vulnerabilities in the Machine Learning Model Supply Chain},
  author={Tianyu Gu and Brendan Dolan-Gavitt and Siddharth Garg},
  journal={ArXiv},
  year={2017},
  volume={abs/1708.06733}
}