@article{fox2007sticky,
  title={The sticky HDP-HMM: Bayesian nonparametric hidden Markov models with persistent states},
  author={Fox, Emily B and Sudderth, Erik B and Jordan, Michael I and Willsky, Alan S},
  journal={Arxiv preprint},
  year=2007
}

@inproceedings{fox2009sharing,
  title={Sharing features among dynamical systems with beta processes},
  author={Fox, Emily and Jordan, Michael I and Sudderth, Erik B and Willsky, Alan S},
  booktitle={Advances in Neural Information Processing Systems},
  pages={549--557},
  year={2009}
}

@article{ghahramani2000variational,
  title={Variational learning for switching state-space models},
  author={Ghahramani, Zoubin and Hinton, Geoffrey E},
  journal={Neural computation},
  volume={12},
  number={4},
  pages={831--864},
  year={2000},
  publisher={MIT Press}
}

@article{harrison1976bayesian,
  title={Bayesian forecasting},
  author={Harrison, P Jeffrey and Stevens, Colin F},
  journal={Journal of the Royal Statistical Society. Series B (Methodological)},
  pages={205--247},
  year={1976},
  publisher={JSTOR}
}

@article{fruhwirth2001markov,
  title={Markov chain Monte Carlo estimation of classical and dynamic switching and mixture models},
  author={Fr{\"u}hwirth-Schnatter, Sylvia},
  journal={Journal of the American Statistical Association},
  volume={96},
  number={453},
  pages={194--209},
  year={2001},
  publisher={Taylor \& Francis}
}

@article{doucet2001particle,
  title={Particle filters for state estimation of jump Markov linear systems},
  author={Doucet, Arnaud and Gordon, Neil J and Krishnamurthy, Vikram},
  journal={IEEE Transactions on signal processing},
  volume={49},
  number={3},
  pages={613--624},
  year={2001},
  publisher={IEEE}
}

@article{glasbey1997rainfall,
  title={Rainfall Modelling Using a Latent Guassian Variable},
  author={Glasbey, CA and Nevison, IM},
  journal={LECTURE NOTES IN STATISTICS-NEW YORK-SPRINGER VERLAG-},
  pages={233--242},
  year={1997},
  publisher={SPRINGER VERLAG KG}
}

@article{chib1992bayes,
  title={Bayes inference in the Tobit censored regression model},
  author={Chib, Siddhartha},
  journal={Journal of Econometrics},
  volume={51},
  number={1-2},
  pages={79--99},
  year={1992},
  publisher={Elsevier}
}

@article{manrique1998simulation,
  title={Simulation-based Likelihood Inference for Limited Dependent Processes},
  author={Manrique, Aurora and Shephard, Neil},
  journal={The Econometrics Journal},
  volume={1},
  number={1},
  pages={174--202},
  year={1998},
  publisher={Wiley Online Library}
}

@article{andrieu2002particle,
  title={Particle filtering for partially observed Gaussian state space models},
  author={Andrieu, Christophe and Doucet, Arnaud},
  journal={Journal of the Royal Statistical Society: Series B (Statistical Methodology)},
  volume={64},
  number={4},
  pages={827--836},
  year={2002},
  publisher={Wiley Online Library}
}

@article{digiulio2015temporal,
  title={Temporal and spatial variation of the human microbiota during pregnancy},
  author={DiGiulio, Daniel B and Callahan, Benjamin J and McMurdie, Paul J and Costello, Elizabeth K and Lyell, Deirdre J and Robaczewska, Anna and Sun, Christine L and Goltsman, Daniela SA and Wong, Ronald J and Shaw, Gary and others},
  journal={Proceedings of the National Academy of Sciences},
  volume={112},
  number={35},
  pages={11060--11065},
  year={2015},
  publisher={National Acad Sciences}
}