
@article{Ortiz2022MappingGL,
  title={Mapping Glacial Lakes Using Historically Guided Segmentation Models},
  author={Anthony Ortiz and Weiyushi Tian and Tenzing Chogyal Sherpa and Finu Shrestha and Mir A. Matin and Rahul Dodhia and Juan M. Lavista Ferres and Kris Sankaran},
  journal={IEEE Journal of Selected Topics in Applied Earth Observations and Remote Sensing},
  year={2022},
  volume={15},
  pages={9226-9240}
}

@article{Baraka2020MachineLF,
  title={Machine Learning for Glacier Monitoring in the Hindu Kush Himalaya},
  author={Shimaa Baraka and Benjamin Akera and Bibek Aryal and Tenzing Chogyal Sherpa and Finu Shresta and Anthony Ortiz and Kris Sankaran and Juan M. Lavista Ferres and Mir A. Matin and Yoshua Bengio},
  journal={ArXiv},
  year={2020},
  volume={abs/2012.05013}
}

@article{Zheng2021InteractiveVA,
  title={Interactive Visualization and Representation Analysis Applied to Glacier Segmentation},
  author={Minxing Zheng and Xinran Miao and Kris Sankaran},
  journal={ISPRS Int. J. Geo Inf.},
  year={2021},
  volume={11},
  pages={415}
}

@inproceedings{Hewitt2019ASP,
  title={A Structural Probe for Finding Syntax in Word Representations},
  author={John Hewitt and Christopher D. Manning},
  booktitle={North American Chapter of the Association for Computational Linguistics},
  year={2019},
  url={https://api.semanticscholar.org/CorpusID:106402715}
}

@article{Cui2023scGPTTB,
  title={scGPT: Towards Building a Foundation Model for Single-Cell Multi-omics Using Generative AI},
  author={Haotian Cui and Chloe X. Wang and Hassaan Maan and Kuan Pang and Fengning Luo and Bo Wang},
  journal={bioRxiv},
  year={2023},
  url={https://api.semanticscholar.org/CorpusID:258464426}
}

@article{Coenen2019VisualizingAM,
  title={Visualizing and Measuring the Geometry of BERT},
  author={Andy Coenen and Emily Reif and Ann Yuan and Been Kim and Adam Pearce and Fernanda B. Vi{\'e}gas and Martin Wattenberg},
  journal={ArXiv},
  year={2019},
  volume={abs/1906.02715},
  url={https://api.semanticscholar.org/CorpusID:174802633}
}

@inproceedings{Erhan2010WhyDU,
  title={Why Does Unsupervised Pre-training Help Deep Learning?},
  author={D. Erhan and Aaron C. Courville and Yoshua Bengio and Pascal Vincent},
  booktitle={International Conference on Artificial Intelligence and Statistics},
  year={2010}
}

@inproceedings{Saha2022DistillingRS,
  title={Distilling Representational Similarity using Centered Kernel Alignment (CKA)},
  author={Aninda Saha and Alina Bialkowski and Sara Khalifa},
  booktitle={British Machine Vision Conference},
  year={2022},
  url={https://api.semanticscholar.org/CorpusID:256902315}
}

@inproceedings{Raghu2017SVCCASV,
  title={SVCCA: Singular Vector Canonical Correlation Analysis for Deep Learning Dynamics and Interpretability},
  author={Maithra Raghu and Justin Gilmer and Jason Yosinski and Jascha Narain Sohl-Dickstein},
  booktitle={Neural Information Processing Systems},
  year={2017},
  url={https://api.semanticscholar.org/CorpusID:23890457}
}

@article{Shneiderman1996TheEH,
  title={The eyes have it: a task by data type taxonomy for information visualizations},
  author={Ben Shneiderman},
  journal={Proceedings 1996 IEEE Symposium on Visual Languages},
  year={1996},
  pages={336-343},
  url={https://api.semanticscholar.org/CorpusID:2281975}
}

@article{Heer2004DOITreesRS,
  title={DOITrees revisited: scalable, space-constrained visualization of hierarchical data},
  author={Jeffrey Heer and Stuart K. Card},
  journal={Proceedings of the working conference on Advanced visual interfaces},
  year={2004},
  url={https://api.semanticscholar.org/CorpusID:818990}
}

@article{Karpathy2015VisualizingAU,
  title={Visualizing and Understanding Recurrent Networks},
  author={Andrej Karpathy and Justin Johnson and Li Fei-Fei},
  journal={ArXiv},
  year={2015},
  volume={abs/1506.02078},
  url={https://api.semanticscholar.org/CorpusID:988348}
}

@article{Benegas2023DNALM,
  title={DNA language models are powerful predictors of genome-wide variant effects},
  author={Gonzalo Benegas and Sanjit Singh Batra and Yun S. Song},
  journal={Proceedings of the National Academy of Sciences of the United States of America},
  year={2023},
  volume={120},
  url={https://api.semanticscholar.org/CorpusID:251911014}
}

@inproceedings{Raghu2021DoVT,
  title={Do Vision Transformers See Like Convolutional Neural Networks?},
  author={Maithra Raghu and Thomas Unterthiner and Simon Kornblith and Chiyuan Zhang and Alexey Dosovitskiy},
  booktitle={Neural Information Processing Systems},
  year={2021},
  url={https://api.semanticscholar.org/CorpusID:237213700}
}

@article{Cortes2012AlgorithmsFL,
  title={Algorithms for Learning Kernels Based on Centered Alignment},
  author={Corinna Cortes and Mehryar Mohri and Afshin Rostamizadeh},
  journal={ArXiv},
  year={2012},
  volume={abs/1203.0550},
  url={https://api.semanticscholar.org/CorpusID:9137763}
}

@article{Kornblith2019SimilarityON,
  title={Similarity of Neural Network Representations Revisited},
  author={Simon Kornblith and Mohammad Norouzi and Honglak Lee and Geoffrey E. Hinton},
  journal={ArXiv},
  year={2019},
  volume={abs/1905.00414},
  url={https://api.semanticscholar.org/CorpusID:141460329}
}

@inproceedings{Janik2019InterpretingBS,
  title={Interpreting Black-Box Semantic Segmentation Models in Remote Sensing Applications},
  author={Adrianna Janik and Kris Sankaran and Anthony Ortiz},
  booktitle={MLVis@EuroVis},
  year={2019},
  url={https://api.semanticscholar.org/CorpusID:201139207}
}

@article{MaLectureNotes,
  title={CS229 Lecture notes},
  author={Tengyu Ma and Andrew Ng},
  year={2007},
  url={https://api.semanticscholar.org/CorpusID:628573}
}

@article{Bengio2007LearningDA,
  title={Learning Deep Architectures for AI},
  author={Yoshua Bengio},
  journal={Found. Trends Mach. Learn.},
  year={2007},
  volume={2},
  pages={1-127},
  url={https://api.semanticscholar.org/CorpusID:207178999}
}

@article{Alain2016UnderstandingIL,
  title={Understanding intermediate layers using linear classifier probes},
  author={Guillaume Alain and Yoshua Bengio},
  journal={ArXiv},
  year={2016},
  volume={abs/1610.01644},
  url={https://api.semanticscholar.org/CorpusID:9794990}
}

@article{Josse2016MeasuringMA,
  title={Measuring multivariate association and beyond.},
  author={Julie Josse and Susan P. Holmes},
  journal={Statistics surveys},
  year={2016},
  volume={10},
  pages={
          132-167
        },
  url={https://api.semanticscholar.org/CorpusID:207137323}
}

@inproceedings{Golub1992TheCC,
  title={The canonical correlations of matrix pairs and their numerical computation},
  author={Gene H. Golub and Hongyuan Z ha},
  year={1992},
  url={https://api.semanticscholar.org/CorpusID:44066054}
}

@misc{manning_msft,
  title = {Fireside Chat with Christopher Manning},
  howpublished = {\url{https://www.microsoft.com/en-us/research/video/fireside-chat-with-christopher-manning/}},
  note = {Accessed: 2023-11-14}
}