@article{winter2018gut,
  title={Gut microbiome and depression: what we know and what we need to know},
  author={Winter, Gal and Hart, Robert A and Charlesworth, Richard PG and Sharpley, Christopher F},
  journal={Reviews in the Neurosciences},
  volume={29},
  number={6},
  pages={629--643},
  year={2018},
  publisher={De Gruyter}
}

@article{foster2013gut,
  title={Gut--brain axis: how the microbiome influences anxiety and depression},
  author={Foster, Jane A and Neufeld, Karen-Anne McVey},
  journal={Trends in neurosciences},
  volume={36},
  number={5},
  pages={305--312},
  year={2013},
  publisher={Elsevier}
}

@article{peirce2019role,
  title={The role of inflammation and the gut microbiome in depression and anxiety},
  author={Peirce, Jason M and Alvi{\~n}a, Karina},
  journal={Journal of neuroscience research},
  volume={97},
  number={10},
  pages={1223--1241},
  year={2019},
  publisher={Wiley Online Library}
}

@article{dash2015gut,
  title={The gut microbiome and diet in psychiatry: focus on depression},
  author={Dash, Sarah and Clarke, Gerard and Berk, Michael and Jacka, Felice N},
  journal={Current opinion in psychiatry},
  volume={28},
  number={1},
  pages={1--6},
  year={2015},
  publisher={LWW}
}


@article{kerr2021covasim,
  title={Covasim: an agent-based model of COVID-19 dynamics and interventions},
  author={Kerr, Cliff C and Stuart, Robyn M and Mistry, Dina and Abeysuriya, Romesh G and Rosenfeld, Katherine and Hart, Gregory R and N{\'u}{\~n}ez, Rafael C and Cohen, Jamie A and Selvaraj, Prashanth and Hagedorn, Brittany and others},
  journal={PLOS Computational Biology},
  volume={17},
  number={7},
  pages={e1009149},
  year={2021},
  publisher={Public Library of Science San Francisco, CA USA}
}

@techreport{friedman2004multivariate,
  title={On multivariate goodness-of-fit and two-sample testing},
  author={Friedman, Jerome},
  year={2004},
  institution={Citeseer}
}


@article{holmes1993comment,
  title={Comment on “A Model for Studying Display Methods of Statistical Graphics”},
  author={Holmes, Susan},
  journal={Journal of Computational and Graphical Statistics},
  volume={2},
  number={4},
  pages={349--353},
  year={1993},
  publisher={Taylor \& Francis}
}

@article{mallows1982overview,
  title={An overview of techniques of data analysis, emphasizing its exploratory aspects},
  author={Mallows, Colin L and Tukey, John W},
  journal={Some recent advances in statistics},
  volume={33},
  pages={111--172},
  year={1982},
  publisher={Academic Press London}
}

@article{hauser2004interactive,
  title={Interactive analysis of high-dimensional data using visualization},
  author={Hauser, Helwig and Kosara, Robert},
  year={2004},
  publisher={Citeseer}
}