@article{david2014diet,
  title={Diet rapidly and reproducibly alters the human gut microbiome},
  author={David, Lawrence A and Maurice, Corinne F and Carmody, Rachel N and Gootenberg, David B and Button, Julie E and Wolfe, Benjamin E and Ling, Alisha V and Devlin, A Sloan and Varma, Yug and Fischbach, Michael A and others},
  journal={Nature},
  volume={505},
  number={7484},
  pages={559--563},
  year={2014},
  publisher={Nature Publishing Group UK London},
  doi={https://doi.org/10.1038/nature12820}
}

@article{yajima2023core,
  title={Core species and interactions prominent in fish-associated microbiome dynamics},
  author={Yajima, Daii and Fujita, Hiroaki and Hayashi, Ibuki and Shima, Genta and Suzuki, Kenta and Toju, Hirokazu},
  journal={Microbiome},
  volume={11},
  number={1},
  pages={53},
  year={2023},
  publisher={Springer}
}

@article{costello2022longitudinal,
  title={Longitudinal dynamics of the human vaginal ecosystem across the reproductive cycle},
  author={Costello, Elizabeth K and DiGiulio, Daniel B and Robaczewska, Anna and Symul, Laura and Wong, Ronald J and Shaw, Gary M and Stevenson, David K and Holmes, Susan P and Kwon, Douglas S and Relman, David A},
  journal={bioRxiv},
  pages={2022--11},
  year={2022},
  publisher={Cold Spring Harbor Laboratory}
}

@article{liao2021compilation,
  title={Compilation of longitudinal microbiota data and hospitalome from hematopoietic cell transplantation patients},
  author={Liao, Chen and Taylor, Bradford P and Ceccarani, Camilla and Fontana, Emily and Amoretti, Luigi A and Wright, Roberta J and Gomes, Antonio LC and Peled, Jonathan U and Taur, Ying and Perales, Miguel-Angel and others},
  journal={Scientific data},
  volume={8},
  number={1},
  pages={71},
  year={2021},
  publisher={Nature Publishing Group UK London}
}

@article{box1975intervention,
  title={Intervention analysis with applications to economic and environmental problems},
  author={Box, George EP and Tiao, George C},
  journal={Journal of the American Statistical association},
  volume={70},
  number={349},
  pages={70--79},
  year={1975},
  publisher={Taylor \& Francis}
}

@article{dai2022false,
  title={False discovery rate control via data splitting},
  author={Dai, Chenguang and Lin, Buyu and Xing, Xin and Liu, Jun S},
  journal={Journal of the American Statistical Association},
  pages={1--18},
  year={2022},
  publisher={Taylor \& Francis}
}

@article{li2022exaggerated,
  title={Exaggerated false positives by popular differential expression methods when analyzing human population samples},
  author={Li, Yumei and Ge, Xinzhou and Peng, Fanglue and Li, Wei and Li, Jingyi Jessica},
  journal={Genome biology},
  volume={23},
  number={1},
  pages={79},
  year={2022},
  publisher={Springer}
}

@article{hawinkel2019broken,
  title={A broken promise: microbiome differential abundance methods do not control the false discovery rate},
  author={Hawinkel, Stijn and Mattiello, Federico and Bijnens, Luc and Thas, Olivier},
  journal={Briefings in bioinformatics},
  volume={20},
  number={1},
  pages={210--221},
  year={2019},
  publisher={Oxford University Press}
}

@article{gibson2021intrinsic,
  title={Intrinsic instability of the dysbiotic microbiome revealed through dynamical systems inference at scale},
  author={Gibson, Travis E and Kim, Younhun and Acharya, Sawal and Kaplan, David E and DiBenedetto, Nicholas and Lavin, Richard and Berger, Bonnie and Allegretti, Jessica R and Bry, Lynn and Gerber, Georg K},
  journal={bioRxiv},
  pages={2021--12},
  year={2021},
  publisher={Cold Spring Harbor Laboratory}
}