
@article{Arikawa2018TheoreticalFF,
  title={Theoretical framework for analyzing structural compliance properties of proteins},
  author={Keisuke Arikawa},
  journal={Biophysics and Physicobiology},
  year={2018},
  volume={15},
  pages={58 - 74},
  url={https://api.semanticscholar.org/CorpusID:4472297}
}

@BOOK{Hernan2024-ea,
  title     = "Causal inference",
  author    = "Hernan, Miguel A and Robins, James M",
  publisher = "CRC Press",
  month     =  jan,
  year      =  2024,
  address   = "Boca Raton, FL",
  language  = "en"
}

@unpublished{072523_overton,
  title= {Using Synthetic Null Data to Enhance Statistical Rigor in Genomics},
  author = {Jingyi Jessica Li},
  year = {2023}
  note= {ICSB},
  URL= {http://jsb.ucla.edu/sites/default/files/072523_Overton.pdf}
}