@article{hochheiser2004dynamic,
  title={Dynamic query tools for time series data sets: timebox widgets for interactive exploration},
  author={Hochheiser, Harry and Shneiderman, Ben},
  journal={Information Visualization},
  volume={3},
  number={1},
  pages={1--18},
  year={2004},
  publisher={SAGE Publications}
}

@inproceedings{heer2004doitrees,
  title={DOITrees revisited: scalable, space-constrained visualization of hierarchical data},
  author={Heer, Jeffrey and Card, Stuart K},
  booktitle={Proceedings of the working conference on Advanced visual interfaces},
  pages={421--424},
  year={2004},
  organization={ACM}
}

@article{buja1996interactive,
  title={Interactive high-dimensional data visualization},
  author={Buja, Andreas and Cook, Dianne and Swayne, Deborah F},
  journal={Journal of computational and graphical statistics},
  volume={5},
  number={1},
  pages={78--99},
  year={1996},
  publisher={Taylor \& Francis}
}

@article{becker1987brushing,
  title={Brushing scatterplots},
  author={Becker, Richard A and Cleveland, William S},
  journal={Technometrics},
  volume={29},
  number={2},
  pages={127--142},
  year={1987},
  publisher={Taylor \& Francis Group}
}

@article{willett2007scented,
  title={Scented widgets: Improving navigation cues with embedded visualizations},
  author={Willett, Wesley and Heer, Jeffrey and Agrawala, Maneesh},
  journal={IEEE Transactions on Visualization and Computer Graphics},
  volume={13},
  number={6},
  pages={1129--1136},
  year={2007},
  publisher={IEEE}
}

@article{digiulio2015temporal,
  title={Temporal and spatial variation of the human microbiota during pregnancy},
  author={DiGiulio, Daniel B and Callahan, Benjamin J and McMurdie, Paul J and Costello, Elizabeth K and Lyell, Deirdre J and Robaczewska, Anna and Sun, Christine L and Goltsman, Daniela SA and Wong, Ronald J and Shaw, Gary and others},
  journal={Proceedings of the National Academy of Sciences},
  volume={112},
  number={35},
  pages={11060--11065},
  year={2015},
  publisher={National Acad Sciences}
}

@article{dethlefsen2008pervasive,
  title={The pervasive effects of an antibiotic on the human gut microbiota, as revealed by deep 16S rRNA sequencing},
  author={Dethlefsen, Les and Huse, Sue and Sogin, Mitchell L and Relman, David A},
  journal={PLoS biol},
  volume={6},
  number={11},
  pages={e280},
  year={2008},
  publisher={Public Library of Science}
}

@book{friedman2001elements,
  title={The elements of statistical learning},
  author={Friedman, Jerome and Hastie, Trevor and Tibshirani, Robert},
  volume={1},
  year={2001},
  publisher={Springer series in statistics Springer, Berlin}
}

@inproceedings{boz2002extracting,
  title={Extracting decision trees from trained neural networks},
  author={Boz, Olcay},
  booktitle={Proceedings of the eighth ACM SIGKDD international conference on Knowledge discovery and data mining},
  pages={456--461},
  year={2002},
  organization={ACM}
}

@article{saito2002extracting,
  title={Extracting regression rules from neural networks},
  author={Saito, Kazumi and Nakano, Ryohei},
  journal={Neural networks},
  volume={15},
  number={10},
  pages={1279--1288},
  year={2002},
  publisher={Elsevier}
}

@techreport{hafen2013trelliscope,
  title={Trelliscope: A system for detailed visualization in the deep analysis of large complex data},
  author={Hafen, Ryan and Gosink, Luke and McDermott, Jason and Rodland, Karin and Dam, Kleese-Van and Cleveland, William S and others},
  year={2013},
  institution={DTIC Document}
}

@article{friedman2002john,
  title={John W. Tukey's work on interactive graphics},
  author={Friedman, Jerome H and Stuetzle, Werner},
  journal={Annals of Statistics},
  pages={1629--1639},
  year={2002},
  publisher={JSTOR}
}

@article{vaidyanathan2014htmlwidgets,
  title={htmlwidgets: HTML Widgets for R},
  author={Vaidyanathan, R and Cheng, J and Allaire, J and Xie, Y and Russell, K},
  journal={R package version 0.3},
  volume={2},
  year={2014}
}

@article{herman2000graph,
  title={Graph visualization and navigation in information visualization: A survey},
  author={Herman, Ivan and Melan{\c{c}}on, Guy and Marshall, M Scott},
  journal={IEEE Transactions on visualization and computer graphics},
  volume={6},
  number={1},
  pages={24--43},
  year={2000},
  publisher={IEEE}
}

@article{lozupone2005unifrac,
  title={UniFrac: a new phylogenetic method for comparing microbial communities},
  author={Lozupone, Catherine and Knight, Rob},
  journal={Applied and environmental microbiology},
  volume={71},
  number={12},
  pages={8228--8235},
  year={2005},
  publisher={Am Soc Microbiol}
}

@inproceedings{inselberg1990parallel,
  title={Parallel coordinates: a tool for visualizing multi-dimensional geometry},
  author={Inselberg, Alfred and Dimsdale, Bernard},
  booktitle={Proceedings of the 1st conference on Visualization'90},
  pages={361--378},
  year={1990},
  organization={IEEE Computer Society Press}
}

@article{human2012structure,
  title={Structure, function and diversity of the healthy human microbiome},
  author={{Human Microbiome Project Consortium}},
  journal={Nature},
  volume={486},
  number={7402},
  pages={207--214},
  year={2012},
  publisher={Nature Research}
}

@article{dudoit2008multiple,
  title={Multiple Hypothesis Testing},
  author={Dudoit, Sandrine and van der Laan, Mark J},
  journal={Multiple Testing Procedures with Applications to Genomics},
  pages={1--47},
  year={2008},
  publisher={Springer}
}

@article{callahan2016bioconductor,
  title={Bioconductor workflow for microbiome data analysis: from raw reads to community analyses},
  author={Callahan, Ben J and Sankaran, Kris and Fukuyama, Julia A and McMurdie, Paul J and Holmes, Susan P},
  journal={F1000Research},
  volume={5},
  year={2016},
  publisher={Faculty of 1000 Ltd}
}

@article{diemart2015,
  title={How the Western Diet Has Derailed Our Evolution},
  author={Velasquez-Manoff, Moises},
  journal={Nautilus},
  volume={30},
  year={2015}
}

@article{specter2012,
  title={Germs are Us},
  author={Specter, Michael},
  journal={The New Yorker},
  year={2012}
}

@article{kolata2017,
  title={A Baffling Brain Defect Is Linked to Gut Bacteria, Scientists Say},
  author={Kolata, Gina},
  journal={THe New York Times},
  year={2017}
}