@article{dethlefsen2011incomplete,
  title={Incomplete recovery and individualized responses of the human distal gut microbiota to repeated antibiotic perturbation},
  author={Dethlefsen, Les and Relman, David A},
  journal={Proceedings of the National Academy of Sciences},
  volume={108},
  number={supplement\_1},
  pages={4554--4561},
  year={2011},
  publisher={National Acad Sciences}
}

@article{earle2015quantitative,
  title={Quantitative imaging of gut microbiota spatial organization},
  author={Earle, Kristen A and Billings, Gabriel and Sigal, Michael and Lichtman, Joshua S and Hansson, Gunnar C and Elias, Joshua E and Amieva, Manuel R and Huang, Kerwyn Casey and Sonnenburg, Justin L},
  journal={Cell host \& microbe},
  volume={18},
  number={4},
  pages={478--488},
  year={2015},
  publisher={Elsevier}
}

@article{sankaran2019latent,
  title={Latent variable modeling for the microbiome},
  author={Sankaran, Kris and Holmes, Susan P},
  journal={Biostatistics},
  volume={20},
  number={4},
  pages={599--614},
  year={2019},
  publisher={Oxford University Press}
}

@article{sankaran2022generative2,
  title={Generative Models: An Interdisciplinary Perspective},
  author={Sankaran, Kris and Holmes, Susan P},
  journal={Annu. Rev. Statistics},
  volume={10},
  year={2022}
}


@article{schloss2007last,
  title={The last word: books as a statistical metaphor for microbial communities},
  author={Schloss, Patrick D and Handelsman, Jo},
  journal={Annu. Rev. Microbiol.},
  volume={61},
  pages={23--34},
  year={2007},
  publisher={Annual Reviews}
}

@article{ling2021powerful,
  title={Powerful and robust non-parametric association testing for microbiome data via a zero-inflated quantile approach (ZINQ)},
  author={Ling, Wodan and Zhao, Ni and Plantinga, Anna M and Launer, Lenore J and Fodor, Anthony A and Meyer, Katie A and Wu, Michael C},
  journal={Microbiome},
  volume={9},
  number={1},
  pages={1--19},
  year={2021},
  publisher={BioMed Central}
}

@article{fukuyamamultiscale,
  title={Multiscale analysis of count data through topic alignment},
  author={Fukuyama, Julia and Sankaran, Kris and Symul, Laura},
  journal={Biostatistics (Oxford, England)},
  pages={kxac018},
  year={2022}
}

@article{ravel2011vaginal,
  title={Vaginal microbiome of reproductive-age women},
  author={Ravel, Jacques and Gajer, Pawel and Abdo, Zaid and Schneider, G Maria and Koenig, Sara SK and McCulle, Stacey L and Karlebach, Shara and Gorle, Reshma and Russell, Jennifer and Tacket, Carol O and others},
  journal={Proceedings of the National Academy of Sciences},
  volume={108},
  number={supplement\_1},
  pages={4680--4687},
  year={2011},
  publisher={National Acad Sciences}
}

@article{sohn2019compositional,
  title={Compositional mediation analysis for microbiome studies},
  author={Sohn, Michael B and Li, Hongzhe},
  journal={The Annals of Applied Statistics},
  volume={13},
  number={1},
  pages={661--681},
  year={2019},
  publisher={Institute of Mathematical Statistics}
}

@article{imai2010general,
  title={A general approach to causal mediation analysis.},
  author={Imai, Kosuke and Keele, Luke and Tingley, Dustin},
  journal={Psychological methods},
  volume={15},
  number={4},
  pages={309},
  year={2010},
  publisher={American Psychological Association}
}

@article{winter2018gut,
  title={Gut microbiome and depression: what we know and what we need to know},
  author={Winter, Gal and Hart, Robert A and Charlesworth, Richard PG and Sharpley, Christopher F},
  journal={Reviews in the Neurosciences},
  volume={29},
  number={6},
  pages={629--643},
  year={2018},
  publisher={De Gruyter}
}

@article{peirce2019role,
  title={The role of inflammation and the gut microbiome in depression and anxiety},
  author={Peirce, Jason M and Alvi{\~n}a, Karina},
  journal={Journal of neuroscience research},
  volume={97},
  number={10},
  pages={1223--1241},
  year={2019},
  publisher={Wiley Online Library}
}

@article{dash2015gut,
  title={The gut microbiome and diet in psychiatry: focus on depression},
  author={Dash, Sarah and Clarke, Gerard and Berk, Michael and Jacka, Felice N},
  journal={Current opinion in psychiatry},
  volume={28},
  number={1},
  pages={1--6},
  year={2015},
  publisher={LWW}
}

@article{foster2013gut,
  title={Gut--brain axis: how the microbiome influences anxiety and depression},
  author={Foster, Jane A and Neufeld, Karen-Anne McVey},
  journal={Trends in neurosciences},
  volume={36},
  number={5},
  pages={305--312},
  year={2013},
  publisher={Elsevier}
}

@article{carabotti2015gut,
  title={The gut-brain axis: interactions between enteric microbiota, central and enteric nervous systems},
  author={Carabotti, Marilia and Scirocco, Annunziata and Maselli, Maria Antonietta and Severi, Carola},
  journal={Annals of gastroenterology: quarterly publication of the Hellenic Society of Gastroenterology},
  volume={28},
  number={2},
  pages={203},
  year={2015},
  publisher={The Hellenic Society of Gastroenterology}
}

@article{mayer2015gut,
  title={Gut/brain axis and the microbiota},
  author={Mayer, Emeran A and Tillisch, Kirsten and Gupta, Arpana and others},
  journal={The Journal of clinical investigation},
  volume={125},
  number={3},
  pages={926--938},
  year={2015},
  publisher={Am Soc Clin Investig}
}