@inproceedings{blei2006dynamic,
  title={Dynamic topic models},
    author={Blei, David M and Lafferty, John D},
      booktitle={Proceedings of the 23rd international conference on Machine learning},
        pages={113--120},
          year={2006},
  organization={ACM}
}

@inproceedings{kucukelbir2015automatic,
  title={Automatic variational inference in Stan},
    author={Kucukelbir, Alp and Ranganath, Rajesh and Gelman, Andrew and Blei, David},
      booktitle={Advances in neural information processing systems},
        pages={568--576},
          year={2015}
          }

@inproceedings{canny2004gap,
  title={GaP: a factor model for discrete data},
    author={Canny, John},
      booktitle={Proceedings of the 27th annual international ACM SIGIR conference on Research and development in information retrieval},
        pages={122--129},
          year={2004},
            organization={ACM}}

@article{blei2003latent,
  title={Latent dirichlet allocation},
    author={Blei, David M and Ng, Andrew Y and Jordan, Michael I},
      journal={Journal of machine Learning research},
        volume={3},
          number={Jan},
            pages={993--1022},
              year={2003}
              }

@article{blei2016variational,
  title={Variational inference: A review for statisticians},
    author={Blei, David M and Kucukelbir, Alp and McAuliffe, Jon D},
      journal={arXiv preprint arXiv:1601.00670},
        year={2016}
}

@article{efron2012bayesian,
  title={Bayesian inference and the parametric bootstrap},
    author={Efron, Bradley},
      journal={The annals of applied statistics},
        volume={6},
          number={4},
            pages={1971},
              year={2012},
                publisher={NIH Public Access}
                }