@article{sankaran2019latent,
  title={Latent variable modeling for the microbiome},
  author={Sankaran, Kris and Holmes, Susan P},
  journal={Biostatistics},
  volume={20},
  number={4},
  pages={599--614},
  year={2019},
  publisher={Oxford University Press}
}

@article{dethlefsen2011incomplete,
  title={Incomplete recovery and individualized responses of the human distal gut microbiota to repeated antibiotic perturbation},
  author={Dethlefsen, Les and Relman, David A},
  journal={Proceedings of the National Academy of Sciences},
  volume={108},
  number={supplement\_1},
  pages={4554--4561},
  year={2011},
  publisher={National Acad Sciences}
}