
@article{Dai2020FalseDR,
  title={False Discovery Rate Control via Data Splitting},
  author={Chenguang Dai and Buyu Lin and Xin Xing and Jun S. Liu},
  journal={Journal of the American Statistical Association},
  year={2020}
}

@article{Ignatiadis2016DatadrivenHW,
  title={Data-driven hypothesis weighting increases detection power in genome-scale multiple testing},
  author={Nikolaos Ignatiadis and Bernd Klaus and Judith B. Zaugg and Wolfgang Huber},
  journal={Nature methods},
  year={2016},
  volume={13},
  pages={577 - 580}
}

@article{Ignatiadis2017CovariatePC,
  title={Covariate powered cross‚Äêweighted multiple testing},
  author={Nikolaos Ignatiadis and Wolfgang Huber},
  journal={Journal of the Royal Statistical Society: Series B (Statistical Methodology)},
  year={2017},
  volume={83}
}

@article{Fannjiang2022ConformalPU,
  title={Conformal prediction under feedback covariate shift for biomolecular design},
  author={Clara Fannjiang and Stephen Bates and Anastasios Nikolas Angelopoulos and Jennifer Listgarten and Michael I. Jordan},
  journal={Proceedings of the National Academy of Sciences of the United States of America},
  year={2022},
  volume={119}
}

@inproceedings{Guo2023RanktransformedSI,
  title={Rank-transformed subsampling: inference for multiple data splitting and exchangeable p-values},
  author={F. Richard Guo and Rajen D. Shah},
  year={2023}
}

@article{Song2021PseudotimeDEIO,
  title={PseudotimeDE: inference of differential gene expression along cell pseudotime with well-calibrated p-values from single-cell RNA sequencing data},
  author={Dongyuan Song and Jingyi Jessica Li},
  journal={Genome Biology},
  year={2021},
  volume={22}
}

@article{Zhang2019FastAC,
  title={Fast and covariate-adaptive method amplifies detection power in large-scale multiple hypothesis testing},
  author={Martin Jinye Zhang and Fei Xia and James Y. Zou},
  journal={Nature Communications},
  year={2019},
  volume={10}
}

@article{Robinson2009edgeRAB,
  title={edgeR: a Bioconductor package for differential expression analysis of digital gene expression data},
  author={Mark D. Robinson and Davis J. McCarthy and Gordon K. Smyth},
  journal={Bioinformatics},
  year={2009},
  volume={26},
  pages={139 - 140}
}

@article{Yurko2020ASI,
  title={A selective inference approach for false discovery rate control using multiomics covariates yields insights into disease risk},
  author={Ronald Yurko and Max Grazier G'Sell and Kathryn Roeder and Bernie Devlin},
  journal={Proceedings of the National Academy of Sciences of the United States of America},
  year={2020},
  volume={117},
  pages={15028 - 15035}
}

@article{Sankaran2014structSSISA,
  title={structSSI: Simultaneous and Selective Inference for Grouped or Hierarchically Structured Data.},
  author={Kris Sankaran and Susan P. Holmes},
  journal={Journal of statistical software},
  year={2014},
  volume={59 13},
  pages={
          1-21
        }
}

@article{Sankaran2023MicrobiomeIA,
  title={Microbiome Intervention Analysis with Transfer Functions and Mirror Statistics},
  author={Kris Sankaran and Pratheepa Jeganathan},
  journal={ArXiv},
  year={2023}
}

@article{Guo2023RanktransformedSI,
  title={Rank-transformed subsampling: inference for multiple data splitting and exchangeable p-values},
  author={F. Richard Guo and Rajen D. Shah},
  journal={ArXiv},
  year={2023}
}

@article{Ge2021ClipperPF,
  title={Clipper: p-value-free FDR control on high-throughput data from two conditions},
  author={Xinzhou Ge and Yiling Elaine Chen and Dongyuan Song and MeiLu McDermott and Kyla Woyshner and Antigoni Manousopoulou and Ning Wang and Wei Li and Leo D. Wang and Jingyi Jessica Li},
  journal={Genome Biology},
  year={2021},
  volume={22}
}

@article{Lei2016AdaPTAI,
  title={AdaPT: an interactive procedure for multiple testing with side information},
  author={Lihua Lei and William Fithian},
  journal={Journal of the Royal Statistical Society: Series B (Statistical Methodology)},
  year={2016},
  volume={80}
}

@article{Benjamini1995ControllingTF,
  title={Controlling the false discovery rate: a practical and powerful approach to multiple testing},
  author={Yoav Benjamini and Yosef Hochberg},
  journal={Journal of the royal statistical society series b-methodological},
  year={1995},
  volume={57},
  pages={289-300}
}

@article{Stephens2023,
  title={Simple Transform Simulation},
  author={Matthew Stephens},
  howpublished={\url{https://stephens999.github.io/misc/simple_transform_simulation.html}},
  note={Accessed: 2023-07-14},
  journal={Online},
  year={2023}
}

@article{Sankaran2015FunctionsFP,
  title={Functions for Performing Local FDR Estimation when Null and Alternative are Poisson [R package LocFDRPois version 1.0.0]},
  author={Kris Sankaran},
  year={2015},
  journal={CRAN}
}
