@article{Sankaran2023,
  title = {Generative Models: An Interdisciplinary Perspective},
  volume = {10},
  ISSN = {2326-831X},
  url = {http://dx.doi.org/10.1146/annurev-statistics-033121-110134},
  DOI = {10.1146/annurev-statistics-033121-110134},
  number = {1},
  journal = {Annual Review of Statistics and Its Application},
  publisher = {Annual Reviews},
  author = {Sankaran,  Kris and Holmes,  Susan P.},
  year = {2023},
  month = mar,
  pages = {325–352}
}

@article{Caruana2015IntelligibleMF,
  title={Intelligible Models for HealthCare: Predicting Pneumonia Risk and Hospital 30-day Readmission},
  author={Rich Caruana and Yin Lou and Johannes Gehrke and Paul Koch and M. Sturm and No{\'e}mie Elhadad},
  journal={Proceedings of the 21th ACM SIGKDD International Conference on Knowledge Discovery and Data Mining},
  year={2015},
}


@article{kundaliya2023,
author={Kundaliya,Dev},
year={2023},
month={Feb 09},
title={Computing - Incisive Media: Google AI chatbot Bard gives wrong answer in its first demo},
journal={Computing},
note={Nom - OpenAI; Copyright - Copyright Newstex Feb 9, 2023; Dernière mise à jour - 2023-11-30},
keywords={Computers; Accuracy; Solar system; Space telescopes; Artificial intelligence; Chatbots},
isbn={13612972},
language={English},
url={https://ezproxy.library.wisc.edu/login?url=https://www.proquest.com/trade-journals/computing-incisive-media-google-ai-chatbot-bard/docview/2774438186/se-2},
}


@article{Heer2004DOITreesRS,
	author = {Jeffrey Heer and Stuart K. Card},
	booktitle = {Advanced Visual Interfaces},
	pages = {421--424},
	title = {DOITrees Revisited: Scalable, Space-Constrained Visualization of Hierarchical Data},
	url = {http://vis.stanford.edu/papers/doitrees-revisited},
	year = {2004},
	bdsk-url-1 = {http://vis.stanford.edu/papers/doitrees-revisited}}

@article{Coenen2019VisualizingAM,
  title={Visualizing and Measuring the Geometry of BERT},
  author={Andy Coenen and Emily Reif and Ann Yuan and Been Kim and Adam Pearce and Fernanda B. Vi{\'e}gas and Martin Wattenberg},
  journal={ArXiv},
  year={2019},
  volume={abs/1906.02715}
}
