@article{zhao2015testing,
  title={Testing in microbiome-profiling studies with MiRKAT, the microbiome regression-based kernel association test},
  author={Zhao, Ni and Chen, Jun and Carroll, Ian M and Ringel-Kulka, Tamar and Epstein, Michael P and Zhou, Hua and Zhou, Jin J and Ringel, Yehuda and Li, Hongzhe and Wu, Michael C},
  journal={The American Journal of Human Genetics},
  volume={96},
  number={5},
  pages={797--807},
  year={2015},
  publisher={Elsevier}
}

@article{wang2021hypothesis,
  title={Hypothesis testing for phylogenetic composition: a minimum-cost flow perspective},
  author={Wang, Shulei and Cai, T Tony and Li, Hongzhe},
  journal={Biometrika},
  volume={108},
  number={1},
  pages={17--36},
  year={2021},
  publisher={Oxford University Press}
}

@article{ruiz2021dynamic,
  title={Dynamic bayesian networks for integrating multi-omics time series microbiome data},
  author={Ruiz-Perez, Daniel and Lugo-Martinez, Jose and Bourguignon, Natalia and Mathee, Kalai and Lerner, Betiana and Bar-Joseph, Ziv and Narasimhan, Giri},
  journal={Msystems},
  volume={6},
  number={2},
  pages={e01105--20},
  year={2021},
  publisher={Am Soc Microbiol}
}

@article{bucci2016mdsine,
  title={MDSINE: Microbial Dynamical Systems INference Engine for microbiome time-series analyses},
  author={Bucci, Vanni and Tzen, Belinda and Li, Ning and Simmons, Matt and Tanoue, Takeshi and Bogart, Elijah and Deng, Luxue and Yeliseyev, Vladimir and Delaney, Mary L and Liu, Qing and others},
  journal={Genome biology},
  volume={17},
  number={1},
  pages={1--17},
  year={2016},
  publisher={Springer}
}

@article{silverman2018dynamic,
  title={Dynamic linear models guide design and analysis of microbiota studies within artificial human guts},
  author={Silverman, Justin D and Durand, Heather K and Bloom, Rachael J and Mukherjee, Sayan and David, Lawrence A},
  journal={Microbiome},
  volume={6},
  number={1},
  pages={1--20},
  year={2018},
  publisher={BioMed Central}
}

@article{ramos2017software,
  title={Software for the integration of multiomics experiments in bioconductor},
  author={Ramos, Marcel and Schiffer, Lucas and Re, Angela and Azhar, Rimsha and Basunia, Azfar and Rodriguez, Carmen and Chan, Tiffany and Chapman, Phil and Davis, Sean R and Gomez-Cabrero, David and others},
  journal={Cancer research},
  volume={77},
  number={21},
  pages={e39--e42},
  year={2017},
  publisher={AACR}
}

@article{mcmurdie2013phyloseq,
  title={phyloseq: an R package for reproducible interactive analysis and graphics of microbiome census data},
  author={McMurdie, Paul J and Holmes, Susan},
  journal={PloS one},
  volume={8},
  number={4},
  pages={e61217},
  year={2013},
  publisher={Public Library of Science San Francisco, USA}
}

@article{bodein2022timeomics,
  title={timeOmics: an R package for longitudinal multi-omics data integration},
  author={Bodein, Antoine and Scott-Boyer, Marie-Pier and Perin, Olivier and L{\^e} Cao, Kim-Anh and Droit, Arnaud},
  journal={Bioinformatics},
  volume={38},
  number={2},
  pages={577--579},
  year={2022},
  publisher={Oxford University Press}
}

@article{bruckner2022microbiota,
  title={The microbiota promotes social behavior by modulating microglial remodeling of forebrain neurons},
  author={Bruckner, Joseph J and Stednitz, Sarah J and Grice, Max Z and Zaidan, Dana and Massaquoi, Michelle S and Larsch, Johannes and Tallafuss, Alexandra and Guillemin, Karen and Washbourne, Philip and Eisen, Judith S},
  journal={PLoS biology},
  volume={20},
  number={11},
  pages={e3001838},
  year={2022},
  publisher={Public Library of Science San Francisco, CA USA}
}

@article{cryan2022microbiota,
  title={Microbiota--brain axis: Context and causality},
  author={Cryan, John F and Mazmanian, Sarkis K},
  journal={Science},
  volume={376},
  number={6596},
  pages={938--939},
  year={2022},
  publisher={American Association for the Advancement of Science}
}

@article{ferretti2018mother,
  title={Mother-to-infant microbial transmission from different body sites shapes the developing infant gut microbiome},
  author={Ferretti, Pamela and Pasolli, Edoardo and Tett, Adrian and Asnicar, Francesco and Gorfer, Valentina and Fedi, Sabina and Armanini, Federica and Truong, Duy Tin and Manara, Serena and Zolfo, Moreno and others},
  journal={Cell host \& microbe},
  volume={24},
  number={1},
  pages={133--145},
  year={2018},
  publisher={Elsevier}
}

@article{olm2022robust,
  title={Robust variation in infant gut microbiome assembly across a spectrum of lifestyles},
  author={Olm, Matthew R and Dahan, Dylan and Carter, Matthew M and Merrill, Bryan D and Yu, Feiqiao B and Jain, Sunit and Meng, Xiandong and Tripathi, Surya and Wastyk, Hannah and Neff, Norma and others},
  journal={Science},
  volume={376},
  number={6598},
  pages={1220--1223},
  year={2022},
  publisher={American Association for the Advancement of Science}
}

@article{lee2021inflammatory,
  title={Inflammatory Bowel Diseases (IBD) and the microbiomeâ€”Searching the crime scene for clues},
  author={Lee, Mirae and Chang, Eugene B},
  journal={Gastroenterology},
  volume={160},
  number={2},
  pages={524--537},
  year={2021},
  publisher={Elsevier}
}

@article{glassner2020microbiome,
  title={The microbiome and inflammatory bowel disease},
  author={Glassner, Kerri L and Abraham, Bincy P and Quigley, Eamonn MM},
  journal={Journal of Allergy and Clinical Immunology},
  volume={145},
  number={1},
  pages={16--27},
  year={2020},
  publisher={Elsevier}
}

@article{walker2013fighting,
  title={Fighting obesity with bacteria},
  author={Walker, Alan W and Parkhill, Julian},
  journal={Science},
  volume={341},
  number={6150},
  pages={1069--1070},
  year={2013},
  publisher={American Association for the Advancement of Science}
}

@article{ridaura2013gut,
  title={Gut microbiota from twins discordant for obesity modulate metabolism in mice},
  author={Ridaura, Vanessa K and Faith, Jeremiah J and Rey, Federico E and Cheng, Jiye and Duncan, Alexis E and Kau, Andrew L and Griffin, Nicholas W and Lombard, Vincent and Henrissat, Bernard and Bain, James R and others},
  journal={Science},
  volume={341},
  number={6150},
  pages={1241214},
  year={2013},
  publisher={American Association for the Advancement of Science}
}

@article{turnbaugh2009core2,
  title={A core gut microbiome in obese and lean twins},
  author={Turnbaugh, Peter J and Hamady, Micah and Yatsunenko, Tanya and Cantarel, Brandi L and Duncan, Alexis and Ley, Ruth E and Sogin, Mitchell L and Jones, William J and Roe, Bruce A and Affourtit, Jason P and others},
  journal={nature},
  volume={457},
  number={7228},
  pages={480--484},
  year={2009},
  publisher={Nature Publishing Group}
}

@article{turnbaugh2009core,
  title={The core gut microbiome, energy balance and obesity},
  author={Turnbaugh, Peter J and Gordon, Jeffrey I},
  journal={The Journal of physiology},
  volume={587},
  number={17},
  pages={4153--4158},
  year={2009},
  publisher={Wiley Online Library}
}

@article{dethlefsen2011incomplete,
  title={Incomplete recovery and individualized responses of the human distal gut microbiota to repeated antibiotic perturbation},
  author={Dethlefsen, Les and Relman, David A},
  journal={Proceedings of the National Academy of Sciences},
  volume={108},
  number={supplement\_1},
  pages={4554--4561},
  year={2011},
  publisher={National Acad Sciences}
}

@article{earle2015quantitative,
  title={Quantitative imaging of gut microbiota spatial organization},
  author={Earle, Kristen A and Billings, Gabriel and Sigal, Michael and Lichtman, Joshua S and Hansson, Gunnar C and Elias, Joshua E and Amieva, Manuel R and Huang, Kerwyn Casey and Sonnenburg, Justin L},
  journal={Cell host \& microbe},
  volume={18},
  number={4},
  pages={478--488},
  year={2015},
  publisher={Elsevier}
}

@article{sankaran2019latent,
  title={Latent variable modeling for the microbiome},
  author={Sankaran, Kris and Holmes, Susan P},
  journal={Biostatistics},
  volume={20},
  number={4},
  pages={599--614},
  year={2019},
  publisher={Oxford University Press}
}

@article{sankaran2022generative2,
  title={Generative Models: An Interdisciplinary Perspective},
  author={Sankaran, Kris and Holmes, Susan P},
  journal={Annu. Rev. Statistics},
  volume={10},
  year={2022}
}


@article{schloss2007last,
  title={The last word: books as a statistical metaphor for microbial communities},
  author={Schloss, Patrick D and Handelsman, Jo},
  journal={Annu. Rev. Microbiol.},
  volume={61},
  pages={23--34},
  year={2007},
  publisher={Annual Reviews}
}

@article{ling2021powerful,
  title={Powerful and robust non-parametric association testing for microbiome data via a zero-inflated quantile approach (ZINQ)},
  author={Ling, Wodan and Zhao, Ni and Plantinga, Anna M and Launer, Lenore J and Fodor, Anthony A and Meyer, Katie A and Wu, Michael C},
  journal={Microbiome},
  volume={9},
  number={1},
  pages={1--19},
  year={2021},
  publisher={BioMed Central}
}

@article{fukuyamamultiscale,
  title={Multiscale analysis of count data through topic alignment},
  author={Fukuyama, Julia and Sankaran, Kris and Symul, Laura},
  journal={Biostatistics (Oxford, England)},
  pages={kxac018},
  year={2022}
}

@article{ravel2011vaginal,
  title={Vaginal microbiome of reproductive-age women},
  author={Ravel, Jacques and Gajer, Pawel and Abdo, Zaid and Schneider, G Maria and Koenig, Sara SK and McCulle, Stacey L and Karlebach, Shara and Gorle, Reshma and Russell, Jennifer and Tacket, Carol O and others},
  journal={Proceedings of the National Academy of Sciences},
  volume={108},
  number={supplement\_1},
  pages={4680--4687},
  year={2011},
  publisher={National Acad Sciences}
}

@article{sohn2019compositional,
  title={Compositional mediation analysis for microbiome studies},
  author={Sohn, Michael B and Li, Hongzhe},
  journal={The Annals of Applied Statistics},
  volume={13},
  number={1},
  pages={661--681},
  year={2019},
  publisher={Institute of Mathematical Statistics}
}

@article{imai2010general,
  title={A general approach to causal mediation analysis.},
  author={Imai, Kosuke and Keele, Luke and Tingley, Dustin},
  journal={Psychological methods},
  volume={15},
  number={4},
  pages={309},
  year={2010},
  publisher={American Psychological Association}
}

@article{winter2018gut,
  title={Gut microbiome and depression: what we know and what we need to know},
  author={Winter, Gal and Hart, Robert A and Charlesworth, Richard PG and Sharpley, Christopher F},
  journal={Reviews in the Neurosciences},
  volume={29},
  number={6},
  pages={629--643},
  year={2018},
  publisher={De Gruyter}
}

@article{peirce2019role,
  title={The role of inflammation and the gut microbiome in depression and anxiety},
  author={Peirce, Jason M and Alvi{\~n}a, Karina},
  journal={Journal of neuroscience research},
  volume={97},
  number={10},
  pages={1223--1241},
  year={2019},
  publisher={Wiley Online Library}
}

@article{dash2015gut,
  title={The gut microbiome and diet in psychiatry: focus on depression},
  author={Dash, Sarah and Clarke, Gerard and Berk, Michael and Jacka, Felice N},
  journal={Current opinion in psychiatry},
  volume={28},
  number={1},
  pages={1--6},
  year={2015},
  publisher={LWW}
}

@article{foster2013gut,
  title={Gut--brain axis: how the microbiome influences anxiety and depression},
  author={Foster, Jane A and Neufeld, Karen-Anne McVey},
  journal={Trends in neurosciences},
  volume={36},
  number={5},
  pages={305--312},
  year={2013},
  publisher={Elsevier}
}

@article{carabotti2015gut,
  title={The gut-brain axis: interactions between enteric microbiota, central and enteric nervous systems},
  author={Carabotti, Marilia and Scirocco, Annunziata and Maselli, Maria Antonietta and Severi, Carola},
  journal={Annals of gastroenterology: quarterly publication of the Hellenic Society of Gastroenterology},
  volume={28},
  number={2},
  pages={203},
  year={2015},
  publisher={The Hellenic Society of Gastroenterology}
}

@article{mayer2015gut,
  title={Gut/brain axis and the microbiota},
  author={Mayer, Emeran A and Tillisch, Kirsten and Gupta, Arpana and others},
  journal={The Journal of clinical investigation},
  volume={125},
  number={3},
  pages={926--938},
  year={2015},
  publisher={Am Soc Clin Investig}
}