@article{dethlefsen2011incomplete,
  title={Incomplete recovery and individualized responses of the human distal gut microbiota to repeated antibiotic perturbation},
  author={Dethlefsen, Les and Relman, David A},
  journal={Proceedings of the National Academy of Sciences},
  volume={108},
  number={supplement\_1},
  pages={4554--4561},
  year={2011},
  publisher={National Acad Sciences}
}

@article{earle2015quantitative,
  title={Quantitative imaging of gut microbiota spatial organization},
  author={Earle, Kristen A and Billings, Gabriel and Sigal, Michael and Lichtman, Joshua S and Hansson, Gunnar C and Elias, Joshua E and Amieva, Manuel R and Huang, Kerwyn Casey and Sonnenburg, Justin L},
  journal={Cell host \& microbe},
  volume={18},
  number={4},
  pages={478--488},
  year={2015},
  publisher={Elsevier}
}

@article{sankaran2019latent,
  title={Latent variable modeling for the microbiome},
  author={Sankaran, Kris and Holmes, Susan P},
  journal={Biostatistics},
  volume={20},
  number={4},
  pages={599--614},
  year={2019},
  publisher={Oxford University Press}
}

@article{sankaran2022generative2,
  title={Generative Models: An Interdisciplinary Perspective},
  author={Sankaran, Kris and Holmes, Susan P},
  journal={Annu. Rev. Statistics},
  volume={10},
  year={2022}
}


@article{schloss2007last,
  title={The last word: books as a statistical metaphor for microbial communities},
  author={Schloss, Patrick D and Handelsman, Jo},
  journal={Annu. Rev. Microbiol.},
  volume={61},
  pages={23--34},
  year={2007},
  publisher={Annual Reviews}
}

@article{sankaran2022generative2,
  title={Generative Models: An Interdisciplinary Perspective},
  author={Sankaran, Kris and Holmes, Susan P},
  journal={Annu. Rev. Statistics},
  volume={10},
  year={2022}
}

@article{ling2021powerful,
  title={Powerful and robust non-parametric association testing for microbiome data via a zero-inflated quantile approach (ZINQ)},
  author={Ling, Wodan and Zhao, Ni and Plantinga, Anna M and Launer, Lenore J and Fodor, Anthony A and Meyer, Katie A and Wu, Michael C},
  journal={Microbiome},
  volume={9},
  number={1},
  pages={1--19},
  year={2021},
  publisher={BioMed Central}
}