@article{Leek2010,
  title = {Tackling the widespread and critical impact of batch effects in high-throughput data},
  volume = {11},
  ISSN = {1471-0064},
  url = {http://dx.doi.org/10.1038/nrg2825},
  DOI = {10.1038/nrg2825},
  number = {10},
  journal = {Nature Reviews Genetics},
  publisher = {Springer Science and Business Media LLC},
  author = {Leek,  Jeffrey T. and Scharpf,  Robert B. and Bravo,  Héctor Corrada and Simcha,  David and Langmead,  Benjamin and Johnson,  W. Evan and Geman,  Donald and Baggerly,  Keith and Irizarry,  Rafael A.},
  year = {2010},
  month = sep,
  pages = {733–739}
}

@article{Wang2019,
  title = {Managing batch effects in microbiome data},
  volume = {21},
  ISSN = {1477-4054},
  url = {http://dx.doi.org/10.1093/bib/bbz105},
  DOI = {10.1093/bib/bbz105},
  number = {6},
  journal = {Briefings in Bioinformatics},
  publisher = {Oxford University Press (OUP)},
  author = {Wang,  Yiwen and L\^eCao,  Kim-Anh},
  year = {2019},
  month = nov,
  pages = {1954–1970}
}

@article{Johnson2006,
  title = {Adjusting batch effects in microarray expression data using empirical Bayes methods},
  volume = {8},
  ISSN = {1465-4644},
  url = {http://dx.doi.org/10.1093/biostatistics/kxj037},
  DOI = {10.1093/biostatistics/kxj037},
  number = {1},
  journal = {Biostatistics},
  publisher = {Oxford University Press (OUP)},
  author = {Johnson,  W. Evan and Li,  Cheng and Rabinovic,  Ariel},
  year = {2006},
  month = apr,
  pages = {118–127}
}

@article{Korsunsky2019,
  title = {Fast,  sensitive and accurate integration of single-cell data with Harmony},
  volume = {16},
  ISSN = {1548-7105},
  url = {http://dx.doi.org/10.1038/s41592-019-0619-0},
  DOI = {10.1038/s41592-019-0619-0},
  number = {12},
  journal = {Nature Methods},
  publisher = {Springer Science and Business Media LLC},
  author = {Korsunsky,  Ilya and Millard,  Nghia and Fan,  Jean and Slowikowski,  Kamil and Zhang,  Fan and Wei,  Kevin and Baglaenko,  Yuriy and Brenner,  Michael and Loh,  Po-ru and Raychaudhuri,  Soumya},
  year = {2019},
  month = nov,
  pages = {1289–1296}
}