@article{caldeira2018improving,
  title={Improving Traffic Safety Through Video Analysis in Jakarta, Indonesia},
  author={Caldeira, Jo{\~a}o and Fout, Alex and Kesari, Aniket and Sefala, Raesetje and Walsh, Joseph and Dupre, Katy and Khaefi, Muhammad Rizal and Hodge, George and Pramestri, Zakiya Aryana and Imtiyazi, Muhammad Adib and others},
  journal={arXiv preprint arXiv:1812.01106},
  year={2018}
}

@inproceedings{potash2015predictive,
  title={Predictive modeling for public health: Preventing childhood lead poisoning},
  author={Potash, Eric and Brew, Joe and Loewi, Alexander and Majumdar, Subhabrata and Reece, Andrew and Walsh, Joe and Rozier, Eric and Jorgenson, Emile and Mansour, Raed and Ghani, Rayid},
  booktitle={Proceedings of the 21th ACM SIGKDD International Conference on Knowledge Discovery and Data Mining},
  pages={2039--2047},
  year={2015},
  organization={ACM}
}
