@article{blei2003latent,
  title={Latent dirichlet allocation},
  author={Blei, David M and Ng, Andrew Y and Jordan, Michael I},
  journal={Journal of machine Learning research},
  volume={3},
  number={Jan},
  pages={993--1022},
  year={2003}
}

@article{dethlefsen2011incomplete,
  title={Incomplete recovery and individualized responses of the human distal gut microbiota to repeated antibiotic perturbation},
  author={Dethlefsen, Les and Relman, David A},
  journal={Proceedings of the National Academy of Sciences},
  volume={108},
  number={Supplement 1},
  pages={4554--4561},
  year={2011},
  publisher={National Acad Sciences}
}

@article{cai2017learning,
  title={Learning Microbial Community Structures with Supervised and Unsupervised Non-negative Matrix Factorization},
  author={Cai, Yun and Gu, Hong and Kenney, Toby},
  journal={Microbiome},
  volume={5},
  number={1},
  pages={110},
  year={2017},
  publisher={BioMed Central}
}

@article{shafiei2015biomico,
  title={BioMiCo: a supervised Bayesian model for inference of microbial community structure},
  author={Shafiei, Mahdi and Dunn, Katherine A and Boon, Eva and MacDonald, Shelley M and Walsh, David A and Gu, Hong and Bielawski, Joseph P},
  journal={Microbiome},
  volume={3},
  number={1},
  pages={8},
  year={2015},
  publisher={BioMed Central}
}

@article{chen2012estimating,
  title={Estimating functional groups in human gut microbiome with probabilistic topic models},
  author={Chen, Xin and He, TingTing and Hu, Xiaohua and Zhou, Yanhong and An, Yuan and Wu, Xindong},
  journal={IEEE transactions on nanobioscience},
  volume={11},
  number={3},
  pages={203--215},
  year={2012},
  publisher={IEEE}
}

@article{yan2017metatopics,
  title={MetaTopics: an integration tool to analyze microbial community profile by topic model},
  author={Yan, Jifang and Chuai, Guohui and Qi, Tao and Shao, Fangyang and Zhou, Chi and Zhu, Chenyu and Yang, Jing and Yu, Yifei and Shi, Cong and Kang, Ning and others},
  journal={BMC genomics},
  volume={18},
  number={1},
  pages={962},
  year={2017},
  publisher={BioMed Central}
}
