@article{dethlefsen2008pervasive,
  title={The pervasive effects of an antibiotic on the human gut microbiota, as revealed by deep 16S rRNA sequencing},
  author={Dethlefsen, Les and Huse, Sue and Sogin, Mitchell L and Relman, David A},
  journal={PLoS biology},
   volume={6},
  number={11},
  pages={e280},
  year={2008},
  publisher={Public Library of Science}
}

@article{andrieu2002particle,
  title={Particle filtering for partially observed Gaussian state space models},
  author={Andrieu, Christophe and Doucet, Arnaud},
  journal={Journal of the Royal Statistical Society: Series B (Statistical Methodology)},
  volume={64},
  number={4},
  pages={827--836},
  year={2002},
  publisher={Wiley Online Library}
}

@article{brockwell2006long,
  title={Long-memory dynamic Tobit models},
  author={Brockwell, AE and Chan, NH},
  journal={Journal of Forecasting},
  volume={25},
  number={5},
  pages={351--367},
  year={2006},
  publisher={Wiley Online Library}
}

@article{de1997scan,
  title={The scan sampler for time series models},
  author={De Jong, Piet},
  journal={Biometrika},
  volume={84},
  number={4},
  pages={929--937},
  year={1997},
  publisher={Oxford University Press}
}

@article{manrique1998simulation,
  title={Simulation-based Likelihood Inference for Limited Dependent Processes},
  author={Manrique, Aurora and Shephard, Neil},
  journal={The Econometrics Journal},
  volume={1},
  number={1},
  pages={174--202},
  year={1998},
  publisher={Wiley Online Library}
}
