@article{tang2019zero,
  title={Zero-inflated generalized Dirichlet multinomial regression model for microbiome compositional data analysis},
  author={Tang, Zheng-Zheng and Chen, Guanhua},
  journal={Biostatistics},
  volume={20},
  number={4},
  pages={698--713},
  year={2019},
  publisher={Oxford University Press}
}



%%% psychology
@article{grupe2021impact,
  title={The impact of mindfulness training on police officer stress, mental health, and salivary cortisol levels},
  author={Grupe, Daniel W and Stoller, Jonah L and Alonso, Carmen and McGehee, Chad and Smith, Chris and Mumford, Jeanette A and Rosenkranz, Melissa A and Davidson, Richard J},
  journal={Frontiers in psychology},
  pages={3791},
  year={2021},
  publisher={Frontiers}
}



%%% LNM

@article{xia2013logistic,
  title={A logistic normal multinomial regression model for microbiome compositional data analysis},
  author={Xia, Fan and Chen, Jun and Fung, Wing Kam and Li, Hongzhe},
  journal={Biometrics},
  volume={69},
  number={4},
  pages={1053--1063},
  year={2013},
  publisher={Wiley Online Library}
}
@inproceedings{mimno2008topic,
  title={Topic models conditioned on arbitrary features with Dirichlet-multinomial regression.},
  author={Mimno, David M and McCallum, Andrew},
  booktitle={UAI},
  volume={24},
  pages={411--418},
  year={2008},
  organization={Citeseer}
}
@article{zhang2019scalable,
  title={Scalable estimation and regularization for the logistic normal multinomial model},
  author={Zhang, Jingru and Lin, Wei},
  journal={Biometrics},
  volume={75},
  number={4},
  pages={1098--1108},
  year={2019},
  publisher={Wiley Online Library}
}

@article{wang2021microbiome,
  title={Microbiome compositional analysis with logistic-tree normal models},
  author={Wang, Zhuoqun and Mao, Jialiang and Ma, Li},
  journal={arXiv preprint arXiv:2106.15051},
  year={2021}
}

@article{zeng2022zero,
  title={A Zero-inflated Logistic Normal Multinomial Model for Extracting Microbial Compositions},
  author={Zeng, Yanyan and Pang, Daolin and Zhao, Hongyu and Wang, Tao},
  journal={Journal of the American Statistical Association},
  pages={1--14},
  year={2022},
  publisher={Taylor \& Francis}
}

@inproceedings{zhao2020variational,
  title={Variational autoencoders for sparse and overdispersed discrete data},
  author={Zhao, He and Rai, Piyush and Du, Lan and Buntine, Wray and Phung, Dinh and Zhou, Mingyuan},
  booktitle={International Conference on Artificial Intelligence and Statistics},
  pages={1684--1694},
  year={2020},
  organization={PMLR}
}

@article{silverman2022bayesian,
  title={Bayesian Multinomial Logistic Normal Models through Marginally Latent Matrix-T Processes.},
  author={Silverman, Justin D and Roche, Kimberly and Holmes, Zachary C and David, Lawrence A and Mukherjee, Sayan},
  journal={J. Mach. Learn. Res.},
  volume={23},
  pages={7--1},
  year={2022}
}




%%% mediation
@article{imai2010general,
  title={A general approach to causal mediation analysis.},
  author={Imai, Kosuke and Keele, Luke and Tingley, Dustin},
  journal={Psychological methods},
  volume={15},
  number={4},
  pages={309},
  year={2010},
  publisher={American Psychological Association}
}
