
@article{Ortiz2022MappingGL,
  title={Mapping Glacial Lakes Using Historically Guided Segmentation Models},
  author={Anthony Ortiz and Weiyushi Tian and Tenzing Chogyal Sherpa and Finu Shrestha and Mir A. Matin and Rahul Dodhia and Juan M. Lavista Ferres and Kris Sankaran},
  journal={IEEE Journal of Selected Topics in Applied Earth Observations and Remote Sensing},
  year={2022},
  volume={15},
  pages={9226-9240}
}

@article{Baraka2020MachineLF,
  title={Machine Learning for Glacier Monitoring in the Hindu Kush Himalaya},
  author={Shimaa Baraka and Benjamin Akera and Bibek Aryal and Tenzing Chogyal Sherpa and Finu Shresta and Anthony Ortiz and Kris Sankaran and Juan M. Lavista Ferres and Mir A. Matin and Yoshua Bengio},
  journal={ArXiv},
  year={2020},
  volume={abs/2012.05013}
}

@article{Zheng2021InteractiveVA,
  title={Interactive Visualization and Representation Analysis Applied to Glacier Segmentation},
  author={Minxing Zheng and Xinran Miao and Kris Sankaran},
  journal={ISPRS Int. J. Geo Inf.},
  year={2021},
  volume={11},
  pages={415}
}

@article{Baker2019FeatureSF,
  title={Feature selection for data integration with mixed multiview data},
  author={Yulia Baker and Tiffany M. Tang and Genevera I. Allen},
  journal={The Annals of Applied Statistics},
  year={2019}
}

@article{Ding2021CooperativeLF,
  title={Cooperative learning for multiview analysis},
  author={Daisy Yi Ding and Shuangning Li and Balasubramanian Narasimhan and Robert Tibshirani},
  journal={Proceedings of the National Academy of Sciences of the United States of America},
  year={2021},
  volume={119}
}

@article{Mitchell2014BacterialVA,
  title={Bacterial Vaginosis and the Cervicovaginal Immune Response},
  author={Caroline M. Mitchell and Jeanne M Marrazzo},
  journal={American Journal of Reproductive Immunology},
  year={2014},
  volume={71},
  pages={555 - 563}
}